
@article{santos_social_2018,
	title = {Social norm complexity and past reputations in the evolution of cooperation},
	volume = {555},
	number = {7695},
	journal = {Nature},
	author = {Santos, Fernando P and Santos, Francisco C and Pacheco, Jorge M},
	year = {2018},
	note = {Publisher: Nature Publishing Group},
	pages = {242--245}
}

@article{sherif_psychology_1936,
	title = {The psychology of social norms.},
	author = {Sherif, Muzafer},
	year = {1936},
	note = {Publisher: Harper}
}

@article{shiller_narrative_2017,
	title = {Narrative economics},
	volume = {107},
	number = {4},
	journal = {American Economic Review},
	author = {Shiller, Robert J},
	year = {2017},
	pages = {967--1004}
}

@article{simpson_beyond_2015,
	title = {Beyond altruism: {Sociological} foundations of cooperation and prosocial behavior},
	volume = {41},
	journal = {Annual Review of Sociology},
	author = {Simpson, Brent and Willer, Robb},
	year = {2015},
	note = {Publisher: Annual Reviews},
	pages = {43--63}
}

@book{smith_theory_1822,
	title = {The theory of moral sentiments},
	volume = {1},
	publisher = {J. Richardson},
	author = {Smith, Adam},
	year = {1822}
}

@book{solow_blood_1971,
	title = {Blood and thunder},
	publisher = {JSTOR},
	author = {Solow, Robert M},
	year = {1971}
}

@article{tasimi_-gooder_2015,
	title = {Do-gooder derogation in children: {The} social costs of generosity},
	volume = {6},
	journal = {Frontiers in Psychology},
	author = {Tasimi, Arber and Dominguez, Amy and Wynn, Karen},
	year = {2015},
	note = {Publisher: Frontiers},
	pages = {1036}
}

@article{titmuss_gift_1971,
	title = {The {Gift} {Relationship}: {From} {Human} {Blood} to {Social} {Policy} ({New} {York}},
	volume = {74},
	journal = {Pantheon},
	author = {Titmuss, Richard M},
	year = {1971}
}

@article{torgler_environmental_2009,
	title = {Environmental and pro-social norms: evidence on littering},
	volume = {9},
	number = {1},
	journal = {The BE Journal of Economic Analysis \& Policy},
	author = {Torgler, Benno and Frey, Bruno S and Wilson, Clevo},
	year = {2009},
	note = {Publisher: De Gruyter}
}

@article{wallen_social_2017,
	title = {Social norms: {More} details, please},
	volume = {114},
	number = {27},
	journal = {Proceedings of the National Academy of Sciences},
	author = {Wallen, Kenneth E and Romulo, Chelsie L},
	year = {2017},
	note = {Publisher: National Acad Sciences},
	pages = {E5283--E5284}
}

@article{lacetera_economic_2013,
	title = {Economic rewards to motivate blood donations},
	volume = {340},
	number = {6135},
	journal = {Science},
	author = {Lacetera, Nicola and Macis, Mario and Slonim, Robert},
	year = {2013},
	note = {Publisher: American Association for the Advancement of Science},
	pages = {927--928}
}

@article{mellstrom_crowding_2008,
	title = {Crowding out in blood donation: was {Titmuss} right?},
	volume = {6},
	number = {4},
	journal = {Journal of the European Economic Association},
	author = {Mellström, Carl and Johannesson, Magnus},
	year = {2008},
	note = {Publisher: Oxford University Press},
	pages = {845--863}
}

@article{mill_principles_1882,
	title = {Principles {Of} {Political} {Economy}},
	volume = {1881},
	journal = {Proceedings of the American Academy of Science},
	author = {Mill, John Stuart},
	year = {1882},
	pages = {417}
}

@article{miller_cultural_2017,
	title = {Cultural variation in communal versus exchange norms: {Implications} for social support.},
	volume = {113},
	number = {1},
	journal = {Journal of Personality and Social Psychology},
	author = {Miller, Joan G and Akiyama, Hiroko and Kapadia, Shagufa},
	year = {2017},
	note = {Publisher: American Psychological Association},
	pages = {81}
}

@article{minson_-gooder_2012,
	title = {Do-gooder derogation: {Disparaging} morally motivated minorities to defuse anticipated reproach},
	volume = {3},
	number = {2},
	journal = {Social Psychological and Personality Science},
	author = {Minson, Julia A and Monin, Benoît},
	year = {2012},
	note = {Publisher: Sage Publications Sage CA: Los Angeles, CA},
	pages = {200--207}
}

@article{nowak_evolution_1998,
	title = {Evolution of indirect reciprocity by image scoring},
	volume = {393},
	number = {6685},
	journal = {Nature},
	author = {Nowak, Martin A and Sigmund, Karl},
	year = {1998},
	note = {Publisher: Nature Publishing Group},
	pages = {573--577}
}

@article{nowak_evolution_2005,
	title = {Evolution of indirect reciprocity},
	volume = {437},
	number = {7063},
	journal = {Nature},
	author = {Nowak, Martin A and Sigmund, Karl},
	year = {2005},
	note = {Publisher: Nature Publishing Group},
	pages = {1291--1298}
}

@article{ryan_intrinsic_2000,
	title = {Intrinsic and extrinsic motivations: {Classic} definitions and new directions},
	volume = {25},
	number = {1},
	journal = {Contemporary educational psychology},
	author = {Ryan, Richard M and Deci, Edward L},
	year = {2000},
	note = {Publisher: Elsevier},
	pages = {54--67}
}

@article{ruiter_national_2006,
	title = {National context, religiosity, and volunteering: {Results} from 53 countries},
	volume = {71},
	number = {2},
	journal = {American Sociological Review},
	author = {Ruiter, Stijn and De Graaf, Nan Dirk},
	year = {2006},
	note = {Publisher: Sage Publications Sage CA: Los Angeles, CA},
	pages = {191--210}
}

@article{sanchez_potential_2001,
	title = {The potential impact of incentives on future blood donation behavior},
	volume = {41},
	number = {2},
	journal = {Transfusion},
	author = {Sanchez, Ana M and Ameti, Dannie I and Schreiber, George B and Thomson, Ruth A and Lo, Annie and Bethel, James and Williams, Alan E and Study, Retrovirus Epidemiology Donor},
	year = {2001},
	note = {Publisher: Wiley Online Library},
	pages = {172--178}
}

@article{gneezy_fine_2000,
	title = {A fine is a price},
	volume = {29},
	number = {1},
	journal = {The Journal of Legal Studies},
	author = {Gneezy, Uri and Rustichini, Aldo},
	year = {2000},
	note = {Publisher: The University of Chicago Press},
	pages = {1--17}
}

@article{gneezy_when_2011,
	title = {When and why incentives (don't) work to modify behavior},
	volume = {25},
	number = {4},
	journal = {Journal of Economic Perspectives},
	author = {Gneezy, Uri and Meier, Stephan and Rey-Biel, Pedro},
	year = {2011},
	pages = {191--210}
}

@article{goette_blood_2020,
	title = {Blood donations and incentives: {Evidence} from a field experiment},
	volume = {170},
	journal = {Journal of Economic Behavior \& Organization},
	author = {Goette, Lorenz and Stutzer, Alois},
	year = {2020},
	note = {Publisher: Elsevier},
	pages = {52--74}
}

@article{harbaugh_what_1998,
	title = {What do donations buy?: {A} model of philanthropy based on prestige and warm glow},
	volume = {67},
	number = {2},
	journal = {Journal of Public Economics},
	author = {Harbaugh, William T},
	year = {1998},
	note = {Publisher: Elsevier},
	pages = {269--284}
}

@article{healy_embedded_2000,
	title = {Embedded altruism: blood collection regimes and the {European} {Union}'s donor population},
	volume = {105},
	number = {6},
	journal = {American journal of sociology},
	author = {Healy, Kieran},
	year = {2000},
	note = {Publisher: The University of Chicago Press},
	pages = {1633--1657}
}

@article{henrich_search_2001,
	title = {In search of homo economicus: behavioral experiments in 15 small-scale societies},
	volume = {91},
	number = {2},
	journal = {American Economic Review},
	author = {Henrich, Joseph and Boyd, Robert and Bowles, Samuel and Camerer, Colin and Fehr, Ernst and Gintis, Herbert and McElreath, Richard},
	year = {2001},
	pages = {73--78}
}

@article{henrich_weirdest_2010,
	title = {The weirdest people in the world?},
	volume = {33},
	number = {2-3},
	journal = {Behavioral and brain sciences},
	author = {Henrich, Joseph and Heine, Steven J and Norenzayan, Ara},
	year = {2010},
	note = {Publisher: Cambridge University Press},
	pages = {61--83}
}

@article{hoffman_social_1996,
	title = {Social distance and other-regarding behavior in dictator games},
	volume = {86},
	number = {3},
	journal = {The American economic review},
	author = {Hoffman, Elizabeth and McCabe, Kevin and Smith, Vernon L},
	year = {1996},
	note = {Publisher: JSTOR},
	pages = {653--660}
}

@article{kawamura_altruism_2020,
	title = {Altruism does not always lead to a good reputation: {A} normative explanation},
	volume = {90},
	journal = {Journal of Experimental Social Psychology},
	author = {Kawamura, Yuta and Kusumi, Takashi},
	year = {2020},
	note = {Publisher: Elsevier},
	pages = {104021}
}

@article{lacetera_social_2010,
	title = {Social image concerns and prosocial behavior: {Field} evidence from a nonlinear incentive scheme},
	volume = {76},
	number = {2},
	journal = {Journal of Economic Behavior \& Organization},
	author = {Lacetera, Nicola and Macis, Mario},
	year = {2010},
	note = {Publisher: Elsevier},
	pages = {225--237}
}

@article{dana_exploiting_2007,
	title = {Exploiting moral wiggle room: experiments demonstrating an illusory preference for fairness},
	volume = {33},
	number = {1},
	journal = {Economic Theory},
	author = {Dana, Jason and Weber, Roberto A and Kuang, Jason Xi},
	year = {2007},
	note = {Publisher: Springer},
	pages = {67--80}
}

@article{deci_effects_1971,
	title = {Effects of externally mediated rewards on intrinsic motivation.},
	volume = {18},
	number = {1},
	journal = {Journal of personality and Social Psychology},
	author = {Deci, Edward L},
	year = {1971},
	note = {Publisher: American Psychological Association},
	pages = {105}
}

@article{duquette_tax_2016,
	title = {Do tax incentives affect charitable contributions? {Evidence} from public charities' reported revenues},
	volume = {137},
	journal = {Journal of Public Economics},
	author = {Duquette, Nicolas J},
	year = {2016},
	note = {Publisher: Elsevier},
	pages = {51--69}
}

@article{fehr_theory_1999,
	title = {A theory of fairness, competition, and cooperation},
	volume = {114},
	number = {3},
	journal = {The quarterly journal of economics},
	author = {Fehr, Ernst and Schmidt, Klaus M},
	year = {1999},
	note = {Publisher: MIT Press},
	pages = {817--868}
}

@article{fehr_economics_2006,
	title = {The economics of fairness, reciprocity and altruism–experimental evidence and new theories},
	volume = {1},
	journal = {Handbook of the economics of giving, altruism and reciprocity},
	author = {Fehr, Ernst and Schmidt, Klaus M},
	year = {2006},
	note = {Publisher: Elsevier},
	pages = {615--691}
}

@article{frank_motivation_1996,
	title = {Motivation, cognition, and charitable giving},
	journal = {Giving},
	author = {Frank, Robert},
	year = {1996},
	note = {Publisher: Indiana University Press},
	pages = {130--152}
}

@article{frey_motivation_2001,
	title = {Motivation crowding theory},
	volume = {15},
	number = {5},
	journal = {Journal of economic surveys},
	author = {Frey, Bruno S and Jegen, Reto},
	year = {2001},
	note = {Publisher: Wiley Online Library},
	pages = {589--611}
}

@article{frey_cost_1997,
	title = {The cost of price incentives: {An} empirical analysis of motivation crowding-out},
	volume = {87},
	number = {4},
	journal = {The American economic review},
	author = {Frey, Bruno S and Oberholzer-Gee, Felix},
	year = {1997},
	note = {Publisher: JSTOR},
	pages = {746--755}
}

@article{gachter_culture_2010,
	title = {Culture and cooperation},
	volume = {365},
	number = {1553},
	journal = {Philosophical Transactions of the Royal Society B: Biological Sciences},
	author = {Gächter, Simon and Herrmann, Benedikt and Thöni, Christian},
	year = {2010},
	note = {Publisher: The Royal Society},
	pages = {2651--2661}
}

@article{gneezy_pay_2000,
	title = {Pay enough or don't pay at all},
	volume = {115},
	number = {3},
	journal = {The Quarterly journal of economics},
	author = {Gneezy, Uri and Rustichini, Aldo},
	year = {2000},
	note = {Publisher: MIT Press},
	pages = {791--810}
}

@article{cialdini_social_1998,
	title = {Social influence: {Social} norms, conformity and compliance.},
	author = {Cialdini, Robert B and Trost, Melanie R},
	year = {1998},
	note = {Publisher: McGraw-Hill}
}

@article{costa-font_not_2013,
	title = {Not all incentives wash out the warm glow: the case of blood donation revisited},
	volume = {66},
	number = {4},
	journal = {Kyklos},
	author = {Costa-Font, Joan and Jofre-Bonet, Mireia and Yen, Steven T},
	year = {2013},
	note = {Publisher: Wiley Online Library},
	pages = {529--551}
}

@book{dahrendorf_homo_1975,
	title = {Homo sociologicus},
	publisher = {Springer},
	author = {Dahrendorf, Ralf and García, Vicente Romero},
	year = {1975}
}

@article{akerlof_identity_2010,
	title = {Identity economics},
	volume = {7},
	number = {2},
	journal = {The Economists’ Voice},
	author = {Akerlof, George A and Kranton, Rachel},
	year = {2010},
	note = {Publisher: De Gruyter}
}

@book{alexander_biology_1987,
	title = {The biology of moral systems},
	publisher = {Transaction Publishers},
	author = {Alexander, Richard D},
	year = {1987}
}

@article{ariely_doing_2009,
	title = {Doing good or doing well? {Image} motivation and monetary incentives in behaving prosocially},
	volume = {99},
	number = {1},
	journal = {American Economic Review},
	author = {Ariely, Dan and Bracha, Anat and Meier, Stephan},
	year = {2009},
	pages = {544--55}
}

@article{arrow_gifts_1972,
	title = {Gifts and exchanges},
	journal = {Philosophy \& Public Affairs},
	author = {Arrow, Kenneth J},
	year = {1972},
	note = {Publisher: JSTOR},
	pages = {343--362}
}

@article{barman_social_2017,
	title = {The social bases of philanthropy},
	volume = {43},
	journal = {Annual Review of Sociology},
	author = {Barman, Emily},
	year = {2017},
	note = {Publisher: Annual Reviews},
	pages = {271--290}
}

@article{bekkers_literature_2011,
	title = {A literature review of empirical studies of philanthropy: {Eight} mechanisms that drive charitable giving},
	volume = {40},
	number = {5},
	journal = {Nonprofit and voluntary sector quarterly},
	author = {Bekkers, René and Wiepking, Pamala},
	year = {2011},
	note = {Publisher: Sage Publications Sage CA: Los Angeles, CA},
	pages = {924--973}
}

@article{benabou_incentives_2006,
	title = {Incentives and prosocial behavior},
	volume = {96},
	number = {5},
	journal = {American economic review},
	author = {Bénabou, Roland and Tirole, Jean},
	year = {2006},
	pages = {1652--1678}
}

@article{brandt_intergenerational_2009,
	title = {Intergenerational help and care in {Europe}},
	volume = {25},
	number = {5},
	journal = {European Sociological Review},
	author = {Brandt, Martina and Haberkern, Klaus and Szydlik, Marc},
	year = {2009},
	note = {Publisher: Oxford University Press},
	pages = {585--601}
}

@article{chell_systematic_2018,
	title = {A systematic review of incentives in blood donation},
	volume = {58},
	number = {1},
	journal = {Transfusion},
	author = {Chell, Kathleen and Davison, Tanya E and Masser, Barbara and Jensen, Kyle},
	year = {2018},
	note = {Publisher: Wiley Online Library},
	pages = {242--254}
}

@article{cherry_hardnose_2002,
	title = {Hardnose the dictator},
	volume = {92},
	number = {4},
	journal = {American Economic Review},
	author = {Cherry, Todd L and Frykblom, Peter and Shogren, Jason F},
	year = {2002},
	pages = {1218--1221}
}

@article{andreoni_impure_1990,
	title = {Impure altruism and donations to public goods: {A} theory of warm-glow giving},
	volume = {100},
	number = {401},
	journal = {The economic journal},
	author = {Andreoni, James},
	year = {1990},
	note = {Publisher: JSTOR},
	pages = {464--477}
}

@article{andreoni_social_2009,
	title = {Social image and the 50–50 norm: {A} theoretical and experimental analysis of audience effects},
	volume = {77},
	number = {5},
	journal = {Econometrica},
	author = {Andreoni, James and Bernheim, B Douglas},
	year = {2009},
	note = {Publisher: Wiley Online Library},
	pages = {1607--1636}
}

@book{ellickson_order_1994,
	title = {Order without law},
	publisher = {Harvard University Press},
	author = {Ellickson, Robert C},
	year = {1994}
}

@article{inglehart_globalization_2000,
	title = {Globalization and postmodern values},
	volume = {23},
	number = {1},
	journal = {Washington Quarterly},
	author = {Inglehart, Ronald},
	year = {2000},
	note = {Publisher: Taylor \& Francis},
	pages = {215--228}
}

@article{inglehart_economic_1994,
	title = {Economic security and value change},
	journal = {American political science review},
	author = {Inglehart, Ronald and Abramson, Paul R},
	year = {1994},
	note = {Publisher: JSTOR},
	pages = {336--354}
}

@article{piersma_blood_2019,
	title = {Blood donation across the life course: the influence of life events on donor lapse},
	volume = {60},
	number = {2},
	journal = {Journal of health and social behavior},
	author = {Piersma, Tjeerd W and Bekkers, René and de Kort, Wim and Merz, Eva-Maria},
	year = {2019},
	note = {Publisher: SAGE Publications Sage CA: Los Angeles, CA},
	pages = {257--272}
}

@article{rauhut_sociological_2010,
	title = {A sociological perspective on measuring social norms by means of strategy method experiments},
	volume = {39},
	number = {6},
	journal = {Social Science Research},
	author = {Rauhut, Heiko and Winter, Fabian},
	year = {2010},
	note = {Publisher: Elsevier},
	pages = {1181--1194}
}

@article{weidmann_blood_2013,
	title = {Blood collection and donor motivation in {Germany}},
	volume = {8},
	number = {1},
	journal = {ISBT Science Series},
	author = {Weidmann, C and Klüter, H},
	year = {2013},
	note = {Publisher: Wiley Online Library},
	pages = {238--241}
}

@article{glynn_attitudes_2003,
	title = {Attitudes toward blood donation incentives in the {United} {States}: implications for donor recruitment},
	volume = {43},
	number = {1},
	journal = {Transfusion},
	author = {Glynn, Simone A and Williams, Alan E and Nass, Catharie C and Bethel, James and Kessler, Debra and Scott, Edward P and Fridey, Joy and Kleinman, Steven H and Schreiber, George B and Study, Retrovirus Epidemiology Donor},
	year = {2003},
	note = {Publisher: Wiley Online Library},
	pages = {7--16}
}

@article{piersma_individual_2017,
	title = {Individual, contextual and network characteristics of blood donors and non-donors: a systematic review of recent literature},
	volume = {15},
	number = {5},
	journal = {Blood transfusion},
	author = {Piersma, Tjeerd W and Bekkers, René and Klinkenberg, Elisabeth F and De Kort, Wim LAM and Merz, Eva-Maria},
	year = {2017},
	note = {Publisher: SIMTI Servizi},
	pages = {382}
}

@article{tversky_loss_1991,
	title = {Loss aversion in riskless choice: {A} reference-dependent model},
	volume = {106},
	number = {4},
	journal = {The quarterly journal of economics},
	author = {Tversky, Amos and Kahneman, Daniel},
	year = {1991},
	note = {Publisher: MIT Press},
	pages = {1039--1061}
}

@article{zeller_vox_2020,
	title = {Vox {Sanguinis} {International} {Forum} on {Donor} {Incentives}.},
	journal = {Vox sanguinis},
	author = {Zeller, Michelle P and Ellingham, Dana and Devine, Dana and Lozano, Miquel and Lewis, Pedro and Zhiburt, Eugene and van der Linde, Lynn and Goldman, Mindy and Nakamura, Atsunori and Inoue, Shingo and {others}},
	year = {2020}
}

@article{diekmann_green_2003,
	title = {Green and greenback: {The} behavioral effects of environmental attitudes in low-cost and high-cost situations},
	volume = {15},
	number = {4},
	journal = {Rationality and Society},
	author = {Diekmann, Andreas and Preisendörfer, Peter},
	year = {2003},
	note = {Publisher: Sage Publications},
	pages = {441--472}
}

@misc{johnson_how_2018,
	title = {How {Much} {Money} {Should} {You} {Give} as a {Wedding} {Gift}?},
	url = {https://www.weddingwire.com/wedding-ideas/money-as-wedding-gift},
	language = {English},
	urldate = {2020-09-17},
	journal = {Weddingwire},
	author = {Johnson, Allyson},
	month = nov,
	year = {2018}
}

@misc{european_commission_eurobarometer_2014,
	title = {Eurobarometer 82.2},
	publisher = {TNS opinion [producer]},
	author = {European Commission},
	year = {2014}
}

@incollection{andreoni_charitable_2013,
	title = {Charitable giving},
	volume = {5},
	booktitle = {Handbook of public economics},
	publisher = {Elsevier},
	author = {Andreoni, James and Payne, A. Abigail},
	year = {2013},
	pages = {1--50},
	file = {Full Text:/Users/caroline/Zotero/storage/N9BNJR4A/B9780444537591000017.html:text/html}
}
